<?xml version="1.0" encoding="UTF-8"?>
<collection xmlns:xsi="http://www.w3.org/2001/XMLSchema-instance" xsi:schemaLocation="http://www.loc.gov/MARC21/slim http://www.loc.gov/standards/marcxml/schema/MARC21slim.xsd" xmlns="http://www.loc.gov/MARC21/slim">
<record>
  <leader>01549mam a2200313 a 4500</leader>
  <controlfield tag="001">3372763</controlfield>
  <controlfield tag="003">NNC</controlfield>
  <controlfield tag="005">20130426164037.0</controlfield>
  <controlfield tag="008">990204s1952    ua       b    000 0 arard</controlfield>
  <datafield tag="035" ind1=" " ind2=" ">
    <subfield code="a">(OCoLC)ocm40732807</subfield>
  </datafield>
  <datafield tag="035" ind1=" " ind2=" ">
    <subfield code="9">AVD8482CU</subfield>
  </datafield>
  <datafield tag="035" ind1=" " ind2=" ">
    <subfield code="a">(NNC)3372763</subfield>
  </datafield>
  <datafield tag="040" ind1=" " ind2=" ">
    <subfield code="a">IXA</subfield>
    <subfield code="c">IXA</subfield>
    <subfield code="d">NNC</subfield>
  </datafield>
  <datafield tag="090" ind1=" " ind2=" ">
    <subfield code="a">BP130</subfield>
    <subfield code="b">.S53 1952</subfield>
  </datafield>
  <datafield tag="100" ind1="1" ind2=" ">
    <subfield code="a">Shāfiʻī, Muḥammad ibn Idrīs,</subfield>
    <subfield code="d">767 or 768-820.</subfield>
  </datafield>
  <datafield tag="245" ind1="1" ind2="0">
    <subfield code="a">Aḥkām al-Qurʾān /</subfield>
    <subfield code="c">li-Abī ʻAbd Allāh Muḥammad ibn Idrīs al-Shāfiʻī ; jamaʻahu Abū Bakr Aḥmad ibn al-Ḥusayn ibn ʻAlī ibn ʻAbd Allāh ibn Mūsá al-Bayhaqī al-Nīsābūrī ; ʻarrafa al-kitāb wa-kataba taqdimatahu Muḥammad Zāhid ibn al-Ḥasan al-Kawtharī ; ʻuniya bi-nashrihi wa-taṣḥīḥihi wa-waqafa ʻalá ṭabʻihi ʻIzzat al-ʻAṭṭār al-Ḥusaynī.</subfield>
  </datafield>
  <datafield tag="250" ind1=" " ind2=" ">
    <subfield code="a">al-Ṭabʻah 1.</subfield>
  </datafield>
  <datafield tag="260" ind1=" " ind2=" ">
    <subfield code="a">[Cairo] :</subfield>
    <subfield code="b">Maktab Nashr al-Thaqāfah al-Islāmīyah,</subfield>
    <subfield code="c">1952.</subfield>
  </datafield>
  <datafield tag="300" ind1=" " ind2=" ">
    <subfield code="a">2 v.in 1. ;</subfield>
    <subfield code="c">25 cm.</subfield>
  </datafield>
  <datafield tag="490" ind1="1" ind2=" ">
    <subfield code="a">Kutub nādirah</subfield>
  </datafield>
  <datafield tag="504" ind1=" " ind2=" ">
    <subfield code="a">Includes bibliographical references.</subfield>
  </datafield>
  <datafield tag="500" ind1=" " ind2=" ">
    <subfield code="a">"Rūjiʻa ʻalá al-naskhah al-makhṭūṭah al-waḥīdah al-maḥfūẓah bi-Dār al-Kutub al-Malakīyah al-Miṣrīyah taḥta raqam 715 Majāmīʻ Ṭalʻat."</subfield>
  </datafield>
  <datafield tag="630" ind1="0" ind2="0">
    <subfield code="a">Qurʼan</subfield>
    <subfield code="x">Criticism, interpretation, etc.</subfield>
  </datafield>
  <datafield tag="650" ind1=" " ind2="0">
    <subfield code="a">Islamic law.</subfield>
  </datafield>
  <datafield tag="700" ind1="1" ind2=" ">
    <subfield code="a">Bayhaqī, Aḥmad ibn al-Ḥusayn,</subfield>
    <subfield code="d">994-1066.</subfield>
  </datafield>
  <datafield tag="700" ind1="1" ind2=" ">
    <subfield code="a">Kawtharī, Muḥammad Zāhid ibn al-Ḥasan.</subfield>
  </datafield>
  <datafield tag="700" ind1="1" ind2=" ">
    <subfield code="a">Ḥusaynī, ʻIzzat al-ʻAṭṭār.</subfield>
  </datafield>
  <datafield tag="830" ind1=" " ind2="0">
    <subfield code="a">Kutub nādirah.</subfield>
  </datafield>
  <datafield tag="955" ind1=" " ind2=" ">
    <subfield code="b">0026817284</subfield>
    <subfield code="d">glx</subfield>
    <subfield code="e">893.795 B1493</subfield>
    <subfield code="v">v.1-2</subfield>
  </datafield>
</record>
</collection>